@misc{smith_waterman_algorithm,
  author = "{Wikipedia contributors}",
  title = "{Smith–Waterman algorithm --- Wikipedia{,} The Free Encyclopedia}",
  year = "2025",
  url = "https://en.wikipedia.org/wiki/Smith%E2%80%93Waterman_algorithm"
}

@misc{polimi_data_mining,
  author = "{Politecnico di Milano}",
  title = "{Data Mining Course --- Politecnico di Milano}",
  year = "2025",
  url = "https://www11.ceda.polimi.it/schedaincarico/schedaincarico/controller/scheda_pubblica/SchedaPublic.do?&evn_default=evento&c_classe=837799&lang=IT&__pj0=0&__pj1=87eb10dc7712c59a131823d49d969417"}

@misc{polimi_machine_learning,
  author = "{Politecnico di Milano}",
  title = "{Machine Learning Course --- Politecnico di Milano}",
  year = "2025",
  url = "https://www11.ceda.polimi.it/schedaincarico/schedaincarico/controller/scheda_pubblica/SchedaPublic.do?&evn_default=evento&c_classe=841196&lang=IT&__pj0=0&__pj1=fda9e077a72ebd235b575855f4a9bca2"}

@misc{działa2024collatzweylgeneratorshighquality,
      title={Collatz-Weyl Generators: High Quality and High Throughput Parameterized Pseudorandom Number Generators}, 
      author={Tomasz R. Działa},
      year={2024},
      eprint={2312.17043},
      archivePrefix={arXiv},
      primaryClass={cs.CE},
      url={https://arxiv.org/abs/2312.17043}, 
}

@misc{gpu101_lecture1,
  author = "{Beatrice Branchini}",
  title = "{GPU101 - Lecture 1: Introduction and CUDA Programming Model}",
  year = "2024-2025"
}